% ##################
% ##### Rappel #####
% ##################



@manual{autoformation,
	author = {\bsc{PCSoft}},
	title = {WebDev 15.0 -- Auto-Formation},
	year = {2009, 458p},
	address = {Courtry : PCSoft},
}




@misc{jeun-ess.fr,
	author = {\bsc{Jeun'ESS}},
	title = {C'est quoi l'ESS ?},
	year = {Mis à jour le 27 mai 2013 [Consulté le 6 mai 2014]},
	howpublished = "\\
		\href{http://www.jeun-ess.fr/cest-quoi-l-ess/}{http://www.jeun-ess.fr/cest-quoi-l-ess/}",
	note = {[En ligne]}
}



@misc{unccas.org,
	author = {\bsc{Union Nationale des Centres Communaux d'Action Sociale}},
	title = {Présentation des centres communaux et intercommunaux d'action sociale (CCAS/CIAS)},
	year = {[Consulté le 29 avril 2014]},
	howpublished = "\\
		\href{http://www.unccas.org/unccas/ccas-cias.asp}{http://www.unccas.org/unccas/ccas-cias.asp}",
	note = {[En ligne]}
}

@Book{js-zero,
	author = {Sébastien \bsc{de la Marck} et Johann \bsc{Pardanaud}},
	title = {Dynamisez vos sites web avec Javascript},
	publisher = {Livre du Zéro},
	year = {2012, 512p},
	address = {Aurillac : Albedia},
	note = {ISBN 979-10-90085-04-6}
}
	editor = {Simple IT}




@misc{top100,
	author = {Michel \bsc{van Kooten}},
	title = {Global software top 100 - Edition 2011},
	year = {Mis à jour le 23 août 2011 [Consulté le 2 mai 2014]},
	howpublished = "\\
		\href{http://www.softwaretop100.org/global-software-top-100-edition-2011}{http://www.softwaretop100.org/global-software-top-100-edition-2011}",
	note = {[En ligne]}
}

@misc{geobi,
	author = {Business Geografic},
	title = {Qu'est-ce que GeoBI ?},
	year = {Mis à jour en 2013 [Consulté le 17 juin 2014]},
	howpublished = "\\
		\href{http://www.geo-bi.com/fr/geobi-pour-businessobjects/quest-ce-que-geobi.html}{http://www.geo-bi.com/fr/geobi-pour-businessobjects/quest-ce-que-geobi.html}",
	note = {[En ligne]}
}


@misc{scop,
	author = {Chèque Déjeuner},
	title = {Des salariés qui vont bien, c'est une entreprise qui va bien !},
	year = {[Consulté le 10 juillet 2014]},
	howpublished = "\\
		\href{http://www.cheque-dejeuner.com/une-entreprise-pas-comme-les-autres/valeurs-sociales-humaines-SCOP-chequedejeuner.jsp}{http://www.cheque-dejeuner.com/une-entreprise-pas-comme-les-autres/valeurs-sociales-humaines-SCOP-chequedejeuner.jsp}",
	note = {[En ligne]}
}